<?xml version="1.0" encoding="UTF-8"?><collection xmlns="http://www.loc.gov/MARC21/slim"><record><leader>00354nam--2200121-i-4500</leader><controlfield tag="001">000049260</controlfield><controlfield tag="002">20161230</controlfield><controlfield tag="005">20161230201047</controlfield><controlfield tag="008">060222s1000------------r-----000-0-eng-d</controlfield><datafield ind1=" " ind2=" " tag="080"><subfield code="a">621.039(061.3)</subfield></datafield><datafield ind1=" " ind2=" " tag="245"><subfield code="a">Peaceful uses of atomic energy. vol.f: utilisation de l`energie atomique a des fins pacifiques</subfield></datafield><datafield ind1=" " ind2=" " tag="260"><subfield code="a">Vienna, Iaea, 1992, 339p</subfield></datafield><datafield ind1=" " ind2=" " tag="852"><subfield code="a">36140</subfield></datafield></record></collection>